<record xmlns='http://www.loc.gov/MARC21/slim'><leader>02269ntm a2200337Ii 4500</leader><controlfield tag='001'>991058301963806011</controlfield><controlfield tag='005'>20220506125357.0</controlfield><controlfield tag='008'>220506s1672    enk           000 0 eng d</controlfield><datafield ind1=' ' ind2=' ' tag='035'><subfield code='a'>(OCoLC)1314385886h</subfield></datafield><datafield ind1=' ' ind2=' ' tag='035'><subfield code='a'>(OCoLC)on1314385886h</subfield></datafield><datafield ind1=' ' ind2=' ' tag='040'><subfield code='a'>HRH</subfield><subfield code='b'>eng</subfield><subfield code='e'>dcrmmss</subfield><subfield code='c'>HRH</subfield></datafield><datafield ind1=' ' ind2=' ' tag='041'><subfield code='a'>eng</subfield><subfield code='a'>fre</subfield></datafield><datafield ind1=' ' ind2=' ' tag='049'><subfield code='a'>HRHH</subfield></datafield><datafield ind1=' ' ind2='9' tag='099'><subfield code='a'>MS 3327, Container 77</subfield></datafield><datafield ind1='0' ind2='0' tag='245'><subfield code='a'>Letter, 1672 April 22, England to the Comte d&apos;Estrées concerning the combined fleets of France and England in war against Holland :</subfield><subfield code='k'>manuscript.</subfield></datafield><datafield ind1=' ' ind2='0' tag='264'><subfield code='a'>England ;</subfield><subfield code='c'>1672 April 22</subfield></datafield><datafield ind1=' ' ind2=' ' tag='300'><subfield code='a'>1 leaf :</subfield><subfield code='b'>paper,</subfield><subfield code='c'>16 x 21 cm</subfield></datafield><datafield ind1=' ' ind2=' ' tag='336'><subfield code='a'>text</subfield><subfield code='b'>txt</subfield><subfield code='2'>rdacontent</subfield></datafield><datafield ind1=' ' ind2=' ' tag='337'><subfield code='a'>unmediated</subfield><subfield code='b'>n</subfield><subfield code='2'>rdamedia</subfield></datafield><datafield ind1=' ' ind2=' ' tag='338'><subfield code='a'>volume</subfield><subfield code='b'>nc</subfield><subfield code='2'>rdacarrier</subfield></datafield><datafield ind1=' ' ind2=' ' tag='500'><subfield code='a'>Title devised by cataloger.</subfield></datafield><datafield ind1=' ' ind2=' ' tag='506'><subfield code='a'>Unrestricted, for either reading room or classroom use.</subfield></datafield><datafield ind1=' ' ind2=' ' tag='500'><subfield code='a'>Accompanied by an English translation and a portrait (colored engraving).</subfield></datafield><datafield ind1=' ' ind2=' ' tag='590'><subfield code='a'>MS 3327, Container 77: Bookplate of William H. and Miriam Lutcher Stark.  The leaf and three additions are matted and housed in a pamphlet style binding covered in quarter blue cloth probably British 19th or 20th c. The documents are housed in single-sided mats and one is housed in a double-sided mat. These four support boards are made into two  gatherings ; they are connected using a cloth hinge. They are sewn into a pamphlet structure with a butterfly stitch. The item is housed in a blue cloth portfolio with flaps and a leather fore-edge closure. The telescoping box is in navy blue goatskin, head, tail, covers, and foredge tooled with single gilt fillet. The box has an air hole at the top. Spine has 5 false raised bands and is titled and tooled in a gilt floralmotif. Box is lined with a dark blue cloth. The portfolio is in light blue cloth with a wave moiree pattern. It has a label on skiver. The pastedowns are light blue wove paper. The documents are held in place with three cloth flaps.</subfield></datafield><datafield ind1=' ' ind2='0' tag='650'><subfield code='a'>Dutch War, 1672-1678.</subfield></datafield><datafield ind1=' ' ind2='7' tag='655'><subfield code='a'>Correspondence.</subfield><subfield code='2'>rbgenr</subfield></datafield><datafield ind1='1' ind2=' ' tag='790'><subfield code='a'>Stark, Miriam Lutcher, 1859-1936,</subfield><subfield code='e'>former owner.</subfield></datafield><datafield ind1='1' ind2=' ' tag='790'><subfield code='a'>Stark, William Henry, 1851-1936,</subfield><subfield code='e'>former owner.</subfield></datafield><datafield ind1='2' ind2=' ' tag='791'><subfield code='a'>Medieval and Early Modern Manuscripts Collection.</subfield></datafield><datafield ind1=' ' ind2=' ' tag='752'><subfield code='a'>England,</subfield><subfield code='e'>producation place.</subfield></datafield><datafield ind1=' ' ind2=' ' tag='994'><subfield code='a'>C0</subfield><subfield code='b'>HRH</subfield></datafield></record>
